<collection xmlns="http://www.loc.gov/MARC21/slim">
  <record>
    <leader>12345cam a2200457 a 4500</leader>
    <controlfield tag="001">001141003</controlfield>
    <controlfield tag="003">OCoLC</controlfield>
    <controlfield tag="005">20131214092803.0</controlfield>
    <controlfield tag="008">980928s1999    nyua   c      000 1 eng  </controlfield>
    <datafield ind1=" " ind2=" " tag="010">
      <subfield code="a">98046370</subfield>
    </datafield>
    <datafield ind1=" " ind2=" " tag="020">
      <subfield code="a">0439064864 (hardcover)</subfield>
    </datafield>
    <datafield ind1=" " ind2=" " tag="020">
      <subfield code="a">9780439064866 (hardcover)</subfield>
    </datafield>
    <datafield ind1="9" ind2=" " tag="035">
      <subfield code="a">u1900600</subfield>
    </datafield>
    <datafield ind1=" " ind2=" " tag="035">
      <subfield code="a">ocm40043650</subfield>
    </datafield>
    <datafield ind1=" " ind2=" " tag="035">
      <subfield code="a">(Sirsi) o40043650</subfield>
    </datafield>
    <datafield ind1=" " ind2=" " tag="040">
      <subfield code="a">DLC</subfield>
      <subfield code="c">DLC</subfield>
      <subfield code="d">C#P</subfield>
      <subfield code="d">UtOrBLW</subfield>
    </datafield>
    <datafield ind1=" " ind2=" " tag="049">
      <subfield code="a">EMUU</subfield>
    </datafield>
    <datafield ind1="0" ind2="0" tag="050">
      <subfield code="a">PZ7.R728</subfield>
      <subfield code="b">H37 1999</subfield>
    </datafield>
    <datafield ind1="0" ind2="0" tag="082">
      <subfield code="a">[Fic]</subfield>
      <subfield code="2">21</subfield>
    </datafield>
    <datafield ind1="1" ind2=" " tag="100">
      <subfield code="a">Rowling, J. K.</subfield>
      <subfield code="0">EMU10000830199</subfield>
    </datafield>
    <datafield ind1="1" ind2="0" tag="245">
      <subfield code="a">Harry Potter and the chamber of secrets /</subfield>
      <subfield code="c">by J.K. Rowling ; illustrations by Mary Grandpré.</subfield>
    </datafield>
    <datafield ind1=" " ind2=" " tag="250">
      <subfield code="a">1st American edition.</subfield>
    </datafield>
    <datafield ind1=" " ind2="1" tag="264">
      <subfield code="a">New York :</subfield>
      <subfield code="b">Arthur A. Levine Books,</subfield>
      <subfield code="c">1999.</subfield>
    </datafield>
    <datafield ind1=" " ind2=" " tag="300">
      <subfield code="a">viii, 341 pages :</subfield>
      <subfield code="b">illustrations ;</subfield>
      <subfield code="c">24 cm</subfield>
    </datafield>
    <datafield ind1=" " ind2=" " tag="336">
      <subfield code="a">text</subfield>
      <subfield code="b">txt</subfield>
      <subfield code="2">rdacontent</subfield>
    </datafield>
    <datafield ind1=" " ind2=" " tag="337">
      <subfield code="a">unmediated</subfield>
      <subfield code="b">n</subfield>
      <subfield code="2">rdamedia</subfield>
    </datafield>
    <datafield ind1=" " ind2=" " tag="338">
      <subfield code="a">volume</subfield>
      <subfield code="b">nc</subfield>
      <subfield code="2">rdacarrier</subfield>
    </datafield>
    <datafield ind1=" " ind2=" " tag="500">
      <subfield code="a">Sequel to: Harry Potter and the sorcerer's stone.</subfield>
    </datafield>
    <datafield ind1=" " ind2=" " tag="520">
      <subfield code="a">When the Chamber of Secrets is opened again at the Hogswart School for Witchcraft and Wizardry, second-year student Harry Potter finds himself in danger from a dark power that has once more been released on the school.</subfield>
    </datafield>
    <datafield ind1=" " ind2="0" tag="650">
      <subfield code="a">Wizards</subfield>
      <subfield code="v">Fiction.</subfield>
      <subfield code="0">EMU10001626672</subfield>
    </datafield>
    <datafield ind1=" " ind2="0" tag="650">
      <subfield code="a">Magic</subfield>
      <subfield code="v">Fiction.</subfield>
      <subfield code="0">EMU10001620880</subfield>
    </datafield>
    <datafield ind1=" " ind2="0" tag="650">
      <subfield code="a">Schools</subfield>
      <subfield code="v">Fiction.</subfield>
      <subfield code="0">EMU10001624557</subfield>
    </datafield>
    <datafield ind1=" " ind2="0" tag="651">
      <subfield code="a">England</subfield>
      <subfield code="v">Fiction.</subfield>
    </datafield>
    <datafield ind1="2" ind2=" " tag="710">
      <subfield code="a">Emory University.</subfield>
      <subfield code="b">Children's Reading Program.</subfield>
    </datafield>
    <datafield ind1=" " ind2=" " tag="910">
      <subfield code="a">RDA ENRICHED</subfield>
    </datafield>
    <datafield ind1=" " ind2=" " tag="910">
      <subfield code="a">MARS</subfield>
    </datafield>
    <datafield ind1=" " ind2=" " tag="945">
      <subfield code="a">EMU pm</subfield>
    </datafield>
    <datafield ind1=" " ind2=" " tag="945">
      <subfield code="a">9DT</subfield>
      <subfield code="2">20000201</subfield>
    </datafield>
    <datafield ind1=" " ind2=" " tag="994">
      <subfield code="a">E0</subfield>
      <subfield code="b">EMU</subfield>
    </datafield>
    <datafield ind1=" " ind2=" " tag="999">
      <subfield code="a">PZ7 .R728 H35 1999</subfield>
      <subfield code="b">available</subfield>
      <subfield code="d"/>
      <subfield code="f">20091111</subfield>
      <subfield code="i">010000603807</subfield>
      <subfield code="j"/>
      <subfield code="l">Book Stacks</subfield>
      <subfield code="m">Robert W. Woodruff Library</subfield>
      <subfield code="t">Book</subfield>
      <subfield code="u">20000127</subfield>
      <subfield code="w">LC</subfield>
    </datafield>
  </record>
</collection>
